<?xml version="1.0" encoding="UTF-8"?><record xmlns="http://www.loc.gov/MARC21/slim" xmlns:cinclude="http://apache.org/cocoon/include/1.0" xmlns:zs="http://www.loc.gov/zing/srw/">
  <leader>00410cz  a2200145n  4500</leader>
  <controlfield tag="001">no2009005735</controlfield>
  <controlfield tag="003">DLC</controlfield>
  <controlfield tag="005">20090121081745.0</controlfield>
  <controlfield tag="008">090114n| acannaabn          |a aaa     c</controlfield>
  <datafield tag="010" ind1=" " ind2=" ">
    <subfield code="a">no2009005735</subfield>
  </datafield>
  <datafield tag="035" ind1=" " ind2=" ">
    <subfield code="a">(OCoLC)oca07985899</subfield>
  </datafield>
  <datafield tag="040" ind1=" " ind2=" ">
    <subfield code="a">NjP</subfield>
    <subfield code="b">eng</subfield>
    <subfield code="c">NjP</subfield>
    <subfield code="d">NjP</subfield>
  </datafield>
  <datafield tag="100" ind1="1" ind2=" ">
    <subfield code="a">Di패az, A.</subfield>
    <subfield code="q">(Arnoldo E.)</subfield>
  </datafield>
  <datafield tag="400" ind1="1" ind2=" ">
    <subfield code="a">Di패az, Arnoldo E.</subfield>
  </datafield>
  <datafield tag="670" ind1=" " ind2=" ">
    <subfield code="a">Trees in Patagonia, c2008:</subfield>
    <subfield code="b">t.p. (A. Di패az) p. x (Arnoldo E. Di패az)</subfield>
  </datafield>
</record>